@inproceedings{blei03,
	author={David M Blei, Andrew Ng and Michael I Jordon},
	title={Latent Dirichlet ALlocation},
	publisher={Journal of Machine Learning Research},
	volume={3},
	year={2003},
	pages={993-1022}
}

@inproceedings{newman11,
	author={David Newman, Edwin Bonilla and Wray Buntine},
	title={Improving Topic Coherence with Regularized Topic Models},
	publisher={In proceedings of Neural Information Processing System},
	year={2011}
}

@inproceedings{kirill,
	author={Kirill Kireyev, Leysia Palen and Kenneth M. Anderson},
	title={Applications of Topics Models to Analysis of Disaster-Related Twitter Data},
	publisher={In proceedings of NIPS Workshop on Applications for Topic Models: Text and Beyond},
	year={2009}
}

@inproceedings{mor,
	author={Mor Naaman, Hila Becker and Luis Gravano},
	title={Hip and Trendy: Characterizing Emerging Trends on Twitter},
	publisher={In proceedings Journal of the American Society for Information Science and Technology (JASIST), 62(5). doi: 10.1002/asi.21489},
	year={2011}
}


@inproceedings{twitterrank,
	author={Jianshu Weng, Ee-Peng Lim and Jing Jiang Qi He},
	title={TwitterRank: Finding Topic-sensitive Influential Twitterers},
	publisher={In proceedings Web Search and Data Mining (WSDM)},
	year={2010}
}

@inproceedings{ramage,
	author={Daniel Ramage, Susan Dumais and Dan Liebling},
	title={Characterizing Microblogs with Topic Models},
	publisher={In proceedings AAAI Conference on Weblogs and Social Media},
	year={2010}
}




@inproceedings{wayne,
	author={Wayne Xin Zhao, Jing Jiang, Jianshu Weng, Jing He, Ee-Peng Lim, Hongfei Yan and Xiaoming Li},
	title={Comparing Twitter and Traditional Media Using Topic Models},
	publisher={In proceedings European Conference on Information Retreival},
	year={2011}
}

@inproceedings{hong,
	author={Liangjie Hong and Brian D. Davison},
	title={Empirical Study of Topic Modeling in Twitter},
	publisher={In proceedings 1st ACM Workshop on Social Media Analytics },
	year={2010}
}

@inproceedings{baldwin,
	author={D. Newman, J.H. Lau, K. Grieser and T. Baldwin},
	title={Automatic evaluation of topic coherence},
	publisher={In proceedings NAACL},
	year={2010}
}


@inproceedings{wallach,
	author={Hanna M. Wallach, Iain Murray, Ruslan Salakhutdinov and David Mimno},
	title={Evaluation Methods for Topic Models},
	publisher={In proceedings Internation Conference of Machine Learning},
	year={2009}
}


@inproceedings{baldwin,
	author={Tze-I Yang, Andrew Torget and Rada Mihalcea},
	title={Topic Modeling on Historical Newspapers},
	publisher={In proceedings ACL HLT},
	year={2011}
}

@inproceedings{mallet,
	author={McCallum and Andrew Kachites},
	title={MALLET: A Machine Learning for Language Toolkit},
	year={2002}
}
    
    
@book{au1972,
       author={Christopher D. Manning, Prabhakar Raghavan and Hinrich Schütze},
       title={Introduction to Information Retrieval},
       publisher={Cambridge University Press},
       year = {2008}
}

@article{cks1981,
       author={Ashok K. Chandra, Dexter C. Kozen and Larry J.Stockmeyer},
       title={Alternation},
       journal={Journal of the Association for Computing Machinery},
       volume={28},
       number={1},
       year = {1981},
       pages = {114-133}
}

@inproceedings{IAF,
  title = 	{Visualization and Clustering of Author Social Networks},
  author =	 {Chan, S. E., Pon, R. K. and Cárdenas, A. F.},
  publisher =	 {in International Conference on Distributed Multimedia Systems Workshop on Visual Languages and Computing in Grand Canyon, Arizona, USA},
  year = 	 {2006}
}
