@proceedings{blei03,
	author={David M Blei, Andrew Ng, Michael I Jordon},
	title={Latent Dirichlet ALlocation},
	publisher={Journal of Machine Learning Research},
	volume={3},
	year={2003},
	pages={993-1022}
}

@proceedings{newman11,
	author={David Newman, Edwin Bonilla, Wray Buntine},
	title={Improving Topic Coherence with Regularized Topic Models},
	publisher={In proceedings of Neural Information Processing System},
	year={2011}
}

@proceedings{kirill,
	author={Kirill Kireyev, Leysia Palen, Kenneth M. Anderson},
	title={Applications of Topics Models to Analysis of Disaster-Related Twitter Data},
	publisher={In proceedings of NIPS Workshop on Applications for Topic Models: Text and Beyond},
	year={2009}
}

@proceedings{mor,
	author={Mor Naaman, Hila Becker and Luis Gravano},
	title={Hip and Trendy: Characterizing Emerging Trends on Twitter},
	publisher={In proceedings Journal of the American Society for Information Science and Technology (JASIST), 62(5). doi: 10.1002/asi.21489},
	year={2011}
}


@proceedings{twitterrank,
	author={Jianshu Weng, Ee-Peng Lim, Jing Jiang Qi He},
	title={TwitterRank: Finding Topic-sensitive Influential Twitterers},
	publisher={In proceedings Web Search and Data Mining (WSDM)},
	year={2010}
}

@proceedings{ramage,
	author={Daniel Ramage, Susan Dumais, Dan Liebling},
	title={Characterizing Microblogs with Topic Models},
	publisher={In proceedings AAAI Conference on Weblogs and Social Media},
	year={2010}
}




@proceedings{wayne,
	author={Wayne Xin Zhao, Jing Jiang, Jianshu Weng, Jing He, Ee-Peng Lim, Hongfei Yan, and Xiaoming Li},
	title={Comparing Twitter and Traditional Media Using Topic Models},
	publisher={In proceedings European Conference on Information Retreival},
	year={2011}
}

@proceedings{hong,
	author={Liangjie Hong and Brian D. Davison},
	title={Empirical Study of Topic Modeling in Twitter},
	publisher={In proceedings 1st ACM Workshop on Social Media Analytics },
	year={2010}
}

@proceedings{baldwin,
	author={D. Newman, J.H. Lau, K. Grieser, T. Baldwin},
	title={Automatic evaluation of topic coherence},
	publisher={In proceedings NAACL},
	year={2010}
}


@proceedings{wallach,
	author={Hanna M. Wallach, Iain Murray, Ruslan Salakhutdinov, David Mimno},
	title={Evaluation Methods for Topic Models},
	publisher={In proceedings Internation Conference of Machine Learning},
	year={2009}
}


@proceedings{baldwin,
	author={Tze-I Yang, Andrew Torget and Rada Mihalcea},
	title={Topic Modeling on Historical Newspapers},
	publisher={In proceedings ACL HLT},
	year={2011}
}

@proceedings{mallet,
	author={McCallum and Andrew Kachites},
	title={MALLET: A Machine Learning for Language Toolkit},
	year={2002}
}
    
    
@book{au1972,
       author={Christopher D. Manning, Prabhakar Raghavan and Hinrich Schütze},
       title={Introduction to Information Retrieval},
       publisher={Cambridge University Press},
       year = {2008}
}

@article{cks1981,
       author={Ashok K. Chandra, Dexter C. Kozen, and Larry J.Stockmeyer},
       title={Alternation},
       journal={Journal of the Association for Computing Machinery},
       volume={28},
       number={1},
       year = {1981},
       pages = {114-133}
}

@proceedings{IAF,
  title = 	{Visualization and Clustering of Author Social Networks},
  author =	 {Chan, S. E., Pon, R. K. and Cárdenas, A. F.},
  publisher =	 {in International Conference on Distributed Multimedia Systems Workshop on Visual Languages and Computing in Grand Canyon, Arizona, USA},
  year = 	 {2006}
}


%%%%%%%%%%%%%%%%%%%%%%%%%%%%%%%%%%%%%%%%%%%%%%%%%%%%%%%%%%%%55
@inproceedings{Bernhard07,
  author={Delphine Bernhard},
  title = {Apprentissage non supervis\'e de familles morphologiques par classification  	ascendante hi\'erarchique},
pages =        {367-376}, 
  crossref =     {TALN2007},
  year={2007} 
}

@inproceedings{LaigneletRioult09,
  author =       {Laignelet, M. and Rioult, F.},
  title = {Rep{\'e}rer automatiquement les segments obsolescents {\`a} l{\textquoteright}aide d{\textquoteright}indices s{\'e}mantiques et discursifs},
   booktitle={Actes de TALN 2009 (Traitement automatique des langues naturelles)},
   address={Senlis},
    organization= {ATALA}, 
   publisher={LIPN},
   year={2009}  
}

@inproceedings{mb2012,
       author = {Subhabrata Mukherjee and Pushpak Bhattacharyya},
       title = {WikiSent : Weakly Supervised Sentiment Analysis Through Extractive Summarization With Wikipedia},
       booktitle = {European Conference on Machine Learning (ECML-PKDD 2012)},
       publisher= {Springer},
       address = {Bristol, U.K.},
       pages={250-260},
       year = {2012}
}


%%========================== modifs finit - IITB/CDACM ====

@InProceedings{LanglaisPatry07,
  author =       {Philippe Langlais and Alexandre Patry},
  title =        {Enrichissement d'un lexique bilingue par analogie},
  pages =        {101--110},
  crossref =     {TALN2007}
}

@InProceedings{SeretanWehrli07,
  author =       {Violeta Seretan and Eric Wehrli},
  title =        {Collocation translation based on sentence alignment and parsing},
  pages =        {401--410},
  crossref =     {TALN2007}
}

%% Exemple de citation d'une URL. Mettre la date de consultation en note.
@misc{apalikefr,
	Author = {Markey, Nicolas},
	Date-Added = {2011-12-13 15:22:31 +0000},
	Date-Modified = {2011-12-13 15:40:53 +0000},
	Howpublished = {\url{http://www.lsv.ens-cachan.fr/~markey/BibTeX/bst/apalike-fr.bst}},
	Note = {[consult{\'e} le 01/12/2011]},
	Title = {Style bibtex \texttt{apalike} fran{\c c}is{\'e}},
	Year = {2004}}

%%================================================================
%% Conserver ces lignes qui serviront \`a des r\'ef\'erences crois\'ees
%% en fin de fichier de bibliographie
%%================================================================
@Proceedings{TALN97,
  title = 	 ACTESDE # {TALN 1997} # TALNPAREN,
  booktitle = 	 ACTESDE # {TALN 1997} # TALNPAREN,
  year = 	 1997,
  editor =	 {Damien Genthial},
  address =	 {Grenoble},
  month =	 JUN
}

@Proceedings{TALN98,
  title = 	 ACTESDE # {TALN 1998} # TALNPAREN,
  booktitle = 	 ACTESDE # {TALN 1998} # TALNPAREN,
  year = 	 1998,
  editor =	 {Pierre Zweigenbaum},
  address =	 {Paris},
  organization = {ATALA},
  month =	 JUN
}

@Proceedings{TALN99,
  title = 	 ACTESDE # {TALN 1999} # TALNPAREN,
  booktitle = 	 ACTESDE # {TALN 1999} # TALNPAREN,
  year = 	 1999,
  editor =	 {Pascal Amsili},
  address =	 {Carg\`ese},
  organization = {ATALA},
  month =	 JUL
}

@Proceedings{TALN2000,
  title = 	 ACTESDE # {TALN 2000} # TALNPAREN,
  booktitle = 	 ACTESDE # {TALN 2000} # TALNPAREN,
  year = 	 2000,
  editor =	 {Eric Wehrli and Martin Rajman},
  address =	 {Lausanne},
  organization = {ATALA},
  publisher =	 {EPFL},
  month =	 OCT
}

@Proceedings{TALN2001,
  title = 	 ACTESDE # {TALN 2001} # TALNPAREN,
  booktitle = 	 ACTESDE # {TALN 2001} # TALNPAREN,
  year = 	 2001,
  editor =	 {Denis Maurel},
  address =	 {Tours},
  organization = {ATALA},
  publisher =	 {Universit\'e de Tours},
  month =	 JUL
}

@Proceedings{TALN2002,
  title = 	 ACTESDE # {TALN 2002} # TALNPAREN,
  booktitle = 	 ACTESDE # {TALN 2002} # TALNPAREN,
  year = 	 2002,
  editor =	 {Jean-Marie Pierrel},
  address =	 {Nancy},
  organization = {ATALA},
  publisher =	 {ATILF},
  month =	 JUN
}

@Proceedings{TALN2003,
  title = 	 ACTESDE # {TALN 2003} # TALNPAREN,
  booktitle = 	 ACTESDE # {TALN 2003} # TALNPAREN,
  year = 	 2003,
  editor =	 {B\'eatrice Daille},
  address =	 {Batz-sur-mer},
  organization = {ATALA},
  publisher =	 {IRIN},
  month =	 JUN
}

@Proceedings{TALN2004,
  title = 	 ACTESDE # {TALN 2004} # TALNPAREN,
  booktitle = 	 ACTESDE # {TALN 2004} # TALNPAREN,
  year = 	 2004,
  editor =	 {Philippe Blache},
  address =	 {F\`es, Maroc},
  organization = {ATALA},
  publisher =	 {LPL},
  month =	 APR
}

@Proceedings{TALN2005,
  title = 	 ACTESDE # {TALN 2005} # TALNPAREN,
  booktitle = 	 ACTESDE # {TALN 2005} # TALNPAREN,
  year = 	 2005,
  editor =	 {Mich\`ele Jardino},
  address =	 {Dourdan},
  organization = {ATALA},
  publisher =	 {LIMSI},
  month =	 JUN
}

@Proceedings{TALN2009,
  title = 	 ACTESDE # {TALN 2009} # TALNPAREN,
  booktitle = 	 ACTESDE # {TALN 2009} # TALNPAREN,
  year = 	 {2009},
  address =	 {Senlis},
  organization = {ATALA},
  publisher =	 {LIPN},
  month =	 JUN
}
