@book{salton83Introduction,
  AUTHOR =       {Gerard Salton and Michael McGill},
  editor =       {Gerard Salton and Michael McGill},
  TITLE =        {Introduction to modern information retrieval},
  PUBLISHER =    {McGraw-Hill},
  YEAR =         {1983}
}


@inproceedings{blei03,
	author={D.M. Blei and A. Ng and M.I. Jordon},
	title={Latent {D}irichlet ALlocation},
	journal={JMLR},
	volume={3},
	year={2003},
	pages={993-1022}
}

@inproceedings{newman11,
	author={D. Newman and E. Bonilla and W. Buntine},
	title={Improving Topic Coherence with Regularized Topic Models},
	publisher={NIPS},
	year={2011}
}

@inproceedings{kirill,
	author={K. Kireyev and L. Palen and K.M. Anderson},
	title={Applications of Topics Models to Analysis of Disaster-Related {T}witter Data},
	publisher={In proceedings of NIPS Workshop on Applications for Topic Models: Text and Beyond},
	year={2009}
}

@article{mor,
	author={M. Naaman and H. Becker and L. Gravano},
	title={Hip and Trendy: Characterizing Emerging Trends on {T}witter},
	journal = {J. Am. Soc. Inf. Sci. Technol.},
 volume = {62},
 number = {5},
 month = may,
 year = {2011},
 pages = {902--918},
}


@inproceedings{ramage,
	author={D. Ramage and  S. Dumais and D. Liebling},
	title={Characterizing Microblogs with Topic Models},
	publisher={AAAI Conference on Weblogs and Social Media},
	year={2010}
}


@inproceedings{acadz,
	author={Han Wang},
	title={Online ngram-enhanced topic model for academic retrieval},
	publisher={In proceedings Sixth International Conference on Digital Information Management (ICDIM)},
	year={2011}
}

@inproceedings{hong,
	author={L. Hong and B.D. Davison},
	title={Empirical Study of Topic Modeling in {T}witter},
	publisher={1st ACM Workshop on Social Media Analytics },
	year={2010}
}

@inproceedings{baldwin10,
	author={D. Newman and J.H. Lau and K. Grieser and T. Baldwin},
	title={Automatic evaluation of topic coherence},
	publisher={NAACL},
	year={2010}
}


@inproceedings{wallach,
	author={H.M. Wallach and  I. Murray and R. Salakhutdinov and D. Mimno},
	title={Evaluation Methods for Topic Models},
	publisher={In proceedings ICML},
	year={2009}
}


@inproceedings{baldwin11,
	author={T.-I Yang and A. Torget and R. Mihalcea},
	title={Topic Modeling on Historical Newspapers},
	publisher={In proceedings ACL HLT},
	year={2011}
}

@inproceedings{mallet,
	author={A.M. McCallum},
	title={MALLET: A Machine Learning for Language Toolkit},
	year={2002}
}
    
    
@book{MRS08,
       author={C.D. Manning and P. Raghavan and H. Sch\"{u}tze},
       title={Introduction to Information Retrieval},
       publisher={Cambridge University Press},
       year = {2008}
}

@article{cks1981,
       author={A.K. Chandra and D.C. Kozen and L.J. Stockmeyer},
       title={Alternation},
       journal={Journal of the ACM},
       volume={28},
       number={1},
       year = {1981},
       pages = {114-133}
}

@inproceedings{RoseLev,
 author = {Rose, D.E. and Levinson, D.},
 title = {Understanding user goals in web search},
 booktitle = {Proc. of the 13th Int.\ Conf.\ on WWW},
 series = {WWW '04},
 year = {2004},
 location = {New York, NY, USA},
 pages = {13--19},
 numpages = {7},
} 

@article{radev02,
 author = {Radev, D.R. and Hovy, E. and McKeown, K.},
 title = {Introduction to the special issue on summarization},
 journal = {Comput. Linguist.},
 issue_date = {Dec 2002},
 volume = {28},
 number = {4},
 month = dec,
 year = {2002},
 pages = {399--408},
 numpages = {10},
} 

@inproceedings{kireyev2009,
  title={Applications of topics models to analysis of disaster-related twitter data},
  author={Kireyev, K. and Palen, L. and Anderson, K.},
  booktitle={NIPS Workshop on Applications for Topic Models: Text and Beyond},
  year={2009},
  url={http://www.umiacs.umd.edu/~jbg/nips_tm_workshop/15.pdf}
}

@inproceedings{zangerle2011recommending,
  title={Recommending\#-Tags in Twitter},
  author={Zangerle, E. and Gassler, W. and Specht, G.},
  booktitle={Proceedings of the Workshop on Semantic Adaptive Social Web (SASWeb 2011). },
  volume={730},
  pages={67--78},
  year={2011}
}

@inproceedings{Naveed2011cikm,
 author = {Naveed, Nasir and Gottron, Thomas and Kunegis, J{\'e}r\^{o}me and Alhadi, Arifah Che},
 title = {Searching microblogs: coping with sparsity and document quality},
 booktitle = {CIKM '11},
 year = {2011},
 isbn = {978-1-4503-0717-8},
 location = {Glasgow, Scotland, UK},
 pages = {183--188},
 keywords = {interestingness, microblog, retweet, twitter},
}

@inproceedings{Weng2010wsdm,
 author = {Weng, Jianshu and Lim, Ee-Peng and Jiang, Jing and He, Qi},
 title = {TwitterRank: finding topic-sensitive influential twitterers},
 booktitle = {WSDM'10},
 year = {2010},
 pages = {261--270},
 numpages = {10},
 keywords = {influential, pagerank, twitter},
}



@inproceedings{wayne,
 author = {Zhao, Wayne Xin and Jiang, Jing and Weng, Jianshu and He, Jing and Lim, Ee-Peng and Yan, Hongfei and Li, Xiaoming},
 title = {Comparing twitter and traditional media using topic models},
 booktitle = {ECIR'11},
 year = {2011},
 location = {Dublin, Ireland},
 pages = {338--349},
 keywords = {microblogging, topic modeling, twitter},
}


@inproceedings{iaf,
  author = {Chan, S. E. and Pon, R. K. and C\'{a}rdenas, A. F},
  year = "2006", 
  title = "Visualization and Clustering of Author Social Networks", 
  book-title = "Distributed multimedia systems conference",
  address = "Arizona, USA",
  pages = "30-31"
}

@inproceedings{Han2012,
  author    = {B. Han  and  P. Cook  and T. Baldwin},
  title     = {Automatically Constructing a Normalisation Dictionary for Microblogs},
  booktitle = {Proc.\ of EMNLP-CoNLL 2012},
  year      = {2012},
  address   = {Korea},
  pages     = {421--432},
}


@article{han2012tist,
	author = {Bo Han and Paul Cook and Timothy Baldwin},
	title = {Lexical Normalisation of Social Media Text}, 
	journal = {ACM Transactions on Intelligent Systems and Technology},
volume = {4},
 number = {1},
 month = feb,
 year = {2013},
	page - {5:1--5:27},
	}
	
@inproceedings{yang2012www,
 author = {Yang, Lei and Sun, Tao and Zhang, Ming and Mei, Qiaozhu},
 title = {We know what @you \#tag: does the dual role affect hashtag adoption?},
 series = {WWW '12},
 year = {2012},
 isbn = {978-1-4503-1229-5},
 location = {Lyon, France},
 pages = {261--270},
} 
%  booktitle = {Proceedings of the 21st international conference on World Wide Web},
% numpages = {10},
% url = {http://doi.acm.org/10.1145/2187836.2187872},
% doi = {10.1145/2187836.2187872},
% acmid = {2187872},
% publisher = {ACM},
% address = {New York, NY, USA},
% keywords = {dual role, hashtag, prediction, twitter},

